@misc{wikimedia_wikipedia_hf,
  author       = {{Wikimedia Foundation}},
  title        = {Wikipedia dataset (Parquet) on Hugging Face},
  year         = {2023},
  howpublished = {\url{https://huggingface.co/datasets/wikimedia/wikipedia}},
  note         = {Dump 20231101; pointer-only in our repo; accessed 2025-08-11}
}

@misc{tatoeba_project,
  author       = {{Tatoeba Project}},
  title        = {Tatoeba: Example Sentences in Many Languages},
  year         = {2025},
  howpublished = {\url{https://tatoeba.org/}},
  note         = {CC-BY 2.0 FR; accessed 2025-08-11}
}

@misc{cis_lmu_udhr_lid,
  author       = {{CIS LMU}},
  title        = {UDHR-LID: Universal Declaration of Human Rights (LID) dataset},
  year         = {2024},
  howpublished = {\url{https://huggingface.co/datasets/cis-lmu/udhr-lid}},
  note         = {CC0-1.0 packaging; accessed 2025-08-11}
}

@misc{unicode_udhr_xml,
  author       = {{Unicode Consortium}},
  title        = {The Universal Declaration of Human Rights (UDHR) in Unicode},
  year         = {2016},
  howpublished = {\url{https://www.unicode.org/udhr/}},
  note         = {XML assemblies of UDHR translations; accessed 2025-08-11}
}

% Optional: if you mention specific conlangs by their canonical sources,
% add entries here later. Use LaTeX accents, e.g., Volap{\"u}k.
